
@inproceedings{Grineva:2011:BET:1963192.1963292,
 author = {Grineva, Maria and Grinev, Maxim and Lizorkin, Dmitry and Boldakov, Alexander and Turdakov, Denis and Sysoev, Andrey and Kiyko, Alexander},
 title = {Blognoon: exploring a topic in the blogosphere},
 booktitle = {Proceedings of the 20th international conference companion on World wide web},
 series = {WWW '11},
 year = {2011},
 isbn = {978-1-4503-0637-9},
 location = {Hyderabad, India},
 pages = {213--216},
 numpages = {4},
 url = {http://doi.acm.org/10.1145/1963192.1963292},
 doi = {10.1145/1963192.1963292},
 acmid = {1963292},
 publisher = {ACM},
 address = {New York, NY, USA},
 keywords = {blogosphere, blogs, concept search, semantic search, wikipedia},
}

@article{yang2011topic,
  title={Topic Modeling on Historical Newspapers},
  author={Yang, T.I. and Torget, A.J. and Mihalcea, R.},
  journal={ACL HLT 2011},
  pages={96},
  year={2011}
}

 
@article{Blei2003,
  author = {Blei, David M. and Ng, Andrew Y. and Jordan, Michael I.},
  title = {Latent dirichlet allocation},
  journal = {Journal of Machine Learning Research},
  volume = {3},
  year = {2003},
  issn = {1532-4435},
  pages = {993--1022},
  publisher = {JMLR.org},
}

@InProceedings{Hofmann1999,
  author = "Thomas Hofmann",
  title = "Probabilistic latent semantic indexing",
  booktitle = "SIGIR '99: Proceedings of the 22nd annual international ACM SIGIR conference on Research and development in information retrieval",
  year = "1999",
  isbn = "1-58113-096-1",
  pages = "50--57",
  location = "Berkeley, California, United States",
  publisher = "ACM",
  address = "New York, NY, USA"
}

@article{Griffiths2004,
  author = {T. L. Griffiths and M. Steyvers},
  interhash = {387a5060792d52ea73b02dd68e52559e},
  intrahash = {49705b433fcb5b87c0a3a140c40f9a4d},
  journal = {Proceedings of the National Academy of Sciences},
  pages = {5228-5235},
  title = {Finding scientific topics},
  volume = {101},
  year = {2004},
  keywords = {gibbs lda models sampling topic},
  owner = {heinrich},
  month = {April}
}

@inproceedings{hoffman2010online,
  author={Matthew Hoffman and David M. Blei and Francis Bach},
  title={Online Learning for Latent Dirichlet Allocation},
  booktitle={NIPS},
  year={2010},
}

@inproceedings{rehurek_lrec,
      title = {{Software Framework for Topic Modelling with Large Corpora}},
      author = {Radim {\v R}eh{\r u}{\v r}ek and Petr Sojka},
      booktitle = {{Proceedings of the LREC 2010 Workshop on New Challenges for NLP Frameworks}},
      pages = {45--50},
      year = 2010,
      month = May,
      day = 22,
      publisher = {ELRA},
      address = {Valletta, Malta},
      language={English}
}

