
@inproceedings{Grineva:2011:BET:1963192.1963292,
 author = {Grineva, Maria and Grinev, Maxim and Lizorkin, Dmitry and Boldakov, Alexander and Turdakov, Denis and Sysoev, Andrey and Kiyko, Alexander},
 title = {Blognoon: exploring a topic in the blogosphere},
 booktitle = {Proceedings of the 20th international conference companion on World wide web},
 series = {WWW '11},
 year = {2011},
 isbn = {978-1-4503-0637-9},
 location = {Hyderabad, India},
 pages = {213--216},
 numpages = {4},
 url = {http://doi.acm.org/10.1145/1963192.1963292},
 doi = {10.1145/1963192.1963292},
 acmid = {1963292},
 publisher = {ACM},
 address = {New York, NY, USA},
 keywords = {blogosphere, blogs, concept search, semantic search, wikipedia},
}

@article{yang2011topic,
  title={Topic Modeling on Historical Newspapers},
  author={Yang, T.I. and Torget, A.J. and Mihalcea, R.},
  journal={ACL HLT 2011},
  pages={96},
  year={2011}
}

 
